
                <marcx:record format="danMARC2" type="BibliographicVolume">
                  <marcx:leader>000000000000000000000000</marcx:leader>
                  <marcx:datafield ind1="0" ind2="0" tag="001">
                    <marcx:subfield code="a">29038317</marcx:subfield>
                    <marcx:subfield code="b">870970</marcx:subfield>
                    <marcx:subfield code="c">20120419085703</marcx:subfield>
                    <marcx:subfield code="d">20111027</marcx:subfield>
                    <marcx:subfield code="f">a</marcx:subfield>
                  </marcx:datafield>
                  <marcx:datafield ind1="0" ind2="0" tag="004">
                    <marcx:subfield code="r">n</marcx:subfield>
                    <marcx:subfield code="a">b</marcx:subfield>
                  </marcx:datafield>
                  <marcx:datafield ind1="0" ind2="0" tag="008">
                    <marcx:subfield code="t">s</marcx:subfield>
                    <marcx:subfield code="u">f</marcx:subfield>
                    <marcx:subfield code="a">2011</marcx:subfield>
                    <marcx:subfield code="l">dan</marcx:subfield>
                    <marcx:subfield code="v">0</marcx:subfield>
                  </marcx:datafield>
                  <marcx:datafield ind1="0" ind2="0" tag="014">
                    <marcx:subfield code="a">21891592</marcx:subfield>
                  </marcx:datafield>
                  <marcx:datafield ind1="0" ind2="0" tag="021">
                    <marcx:subfield code="e">9788712046240</marcx:subfield>
                    <marcx:subfield code="c">ib.</marcx:subfield>
                    <marcx:subfield code="d">kr. 525,00</marcx:subfield>
                    <marcx:subfield code="b">Bind 27 og Kommentarbind, K27</marcx:subfield>
                  </marcx:datafield>
                  <marcx:datafield ind1="0" ind2="0" tag="021">
                    <marcx:subfield code="e">9788712046264</marcx:subfield>
                    <marcx:subfield code="c">ib. shirt.</marcx:subfield>
                  </marcx:datafield>
                  <marcx:datafield ind1="0" ind2="0" tag="021">
                    <marcx:subfield code="e">9788712046288</marcx:subfield>
                    <marcx:subfield code="c">særib.</marcx:subfield>
                  </marcx:datafield>
                  <marcx:datafield ind1="0" ind2="0" tag="032">
                    <marcx:subfield code="x">ACC201143</marcx:subfield>
                    <marcx:subfield code="a">DBF201148</marcx:subfield>
                    <marcx:subfield code="x">BKM201148</marcx:subfield>
                  </marcx:datafield>
                  <marcx:datafield ind1="0" ind2="0" tag="245">
                    <marcx:subfield code="g">[Bind] K27</marcx:subfield>
                    <marcx:subfield code="a">Kommentarer til Løse papirer</marcx:subfield>
                  </marcx:datafield>
                  <marcx:datafield ind1="0" ind2="0" tag="260">
                    <marcx:subfield code="c">2011</marcx:subfield>
                  </marcx:datafield>
                  <marcx:datafield ind1="0" ind2="0" tag="300">
                    <marcx:subfield code="a">1166 sider</marcx:subfield>
                  </marcx:datafield>
                  <marcx:datafield ind1="0" ind2="0" tag="512">
                    <marcx:subfield code="a">Katalogiseret efter omslaget</marcx:subfield>
                  </marcx:datafield>
                  <marcx:datafield ind1="0" ind2="0" tag="521">
                    <marcx:subfield code="&amp;">REX</marcx:subfield>
                    <marcx:subfield code="b">1. oplag</marcx:subfield>
                    <marcx:subfield code="c">2011</marcx:subfield>
                    <marcx:subfield code="k">Special-trykkeriet Viborg</marcx:subfield>
                  </marcx:datafield>
                  <marcx:datafield ind1="0" ind2="0" tag="990">
                    <marcx:subfield code="o">201148</marcx:subfield>
                    <marcx:subfield code="b">v</marcx:subfield>
                    <marcx:subfield code="u">nt</marcx:subfield>
                  </marcx:datafield>
                </marcx:record>
              </marcx:collection>
              <os:identifier>870970-basis:29038317</os:identifier>
              <os:creationDate>2011-10-27</os:creationDate>
<os:holdingsCount>12</os:holdingsCount>
<os:lendingLibraries>12</os:lendingLibraries>
            <os:formatsAvailable>
              <os:format>dkabm</os:format>
            </os:formatsAvailable>
          </os:object>
        </os:collection>
      </ns1:originalData>
      <ns1:outputFormat>bibliotekdkWorkDisplay</ns1:outputFormat>
    </ns1:formatRequest>
  </SOAP-ENV:Body>
</SOAP-ENV:Envelope>
